%%%%%%%%%%% biblio.bib %%%%%%%%%%%%%%%%%%%
@ARTICLE{Bell,
AUTHOR={J. P. Bell and S. Gerhold},
TITLE={On the positivity set of a linear recurrence},
JOURNAL={Israel Jour},
VOLUME={Math},
YEAR={2007},
PAGES={57},
}
@BOOK{Bour,
AUTHOR={N. Bourbaki},
YEAR={1996},
TITLE={Elements of Mathematics: General Topology (Part2)},
PUBLISHER={Addison-Wesley},
}
@INPROCEEDINGS{Mig,
AUTHOR={M. Mignotte},
TITLE={Some useful bounds},
YEAR={1982},
BOOKTITLE={Computer Algebra},
}
@ARTICLE{Ren,
AUTHOR={James Renegar},
TITLE={On the computational complexity and geometry of the first-order theory of the reals, part i: Introduction. preliminaries. the geometry of semi-algebraic sets. the decision problem for the existential theory of the reals},
JOURNAL={J. Symb.},
VOLUME={Comput.},
YEAR={1992},
PAGES={13:255â€“300},
}
%%%%%%%%%%%%% end %%%%%%%%%%%%%%%%%%%%%%
